@CONFERENCE{confbib4,
	author = {Козлов, Ю. Е.},
	title = {Мультимодальная трехмерная динамическая подпись как дополнительное средство аутентификации},
	booktitle = {II-ая молодежная научно-практическая конференция <<Информационная безопасность в банковско - финансовой сфере>>},
	year = {2017},
	language = {russian},
}