@article{vakbib1,
  title={Метаматематическая модель мультимодальной жестовой аутентификации при помощи двух независимых мобильных устройств},
  author={Козлов, Ю. Е. and Евсеев, В. Л.},
  journal={Безопасность информационных технологий},
  volume={24},
  number={1},
  pages={49--55},
  year={2017},
  language = {ru},
}
@article{vakbib2,
	title = {Современные методы речевой аутентификации в приложениях мобильных устройств},
	volume = {23},
	pages = {32--36},
	number = {1},
	journal = {Безопасность информационных технологий},
	author = {Козлов, Ю. Е. and Евсеев, В. Л.},
	date = {2016},
	language = {russian},
}
@article{vakbib3,
	title = {Экспериментальное определение уровня речевого сигнала в показаниях акселерометра мобильных устройств},
	number = {5},
	language = {russian},
	journal = {Вопросы кибербезопасности},
	pages={37--42},
	author = {Козлов, Ю. Е. and Евсеев, В. Л.},
	date = {2016},
}
@article{vakbib4,
	title = {Мультимодальная трехмерная динамическая подпись},
	volume = {24},
	pages = {44--51},
	number = {4},
	journaltitle = {Безопасность информационных технологий},
	author = {Козлов, Ю. Е. and Евсеев, В. Л.},
	date = {2017},
	language = {russian},
}
@article{vakbib5,
	title = {Подходы к определению надежности мультимодальной трехмерной динамической подписи},
	volume = {25},
	rights = {All rights reserved},
	pages = {74--80},
	number = {1},
	journal = {Безопасность информационных технологий},
	author = {Козлов, Ю. E.},
	date = {2018},
	language = {russian},
}