@article{scbib1,
	title = {Использование методов визуальной аналитики для получения комплексного показателя качества биометрической аутентификации с использованием механизма жестовой манипуляции},
	volume = {11},
	pages = {99--113},
	number = {1},
	journal = {Научная визуализация},
	author = {Козлов, Ю. E.},
	url = {http://sv-journal.org/2019-2/08/},
	date = {2019},
	language = {russian},
	authorvak = {true},
}
