@ARTICLE{wosbib1,
  author = {Козлов, Ю. Е. and Евсеев, В. Л.},
  title = {Экспериментальное определение уровня речевого сигнала в показаниях акселерометра мобильных устройств},
  journal = {Вопросы кибербезопасности},
  year = {2016},
  number = {5},
  pages = {37--42},
  language = {russian},
}