@ARTICLE{bib1,
  author = {Шеремет, И.А. and Козлов, Ю.Е. and Дворянкин, С.В. and  Евсеев, В.Л. and и др. всего 11 чел.},
  title = {Комплекс методов противодействия информационно-психологическому воздействию на поведение социальных групп},
  journal = {Финансовый университет при Правительстве РФ. отчет о НИР/НИОКР. 2016 г. Номер государственной регистрации: AAAA-A16-116070610082-0},
  year = {2017},
  language = {russian},
}
@ARTICLE{bib2,
	author = {Козлов, Ю.Е.},
	title = {Жестовая аутентификация при помощи двух независимых мобильных устройств},
	journal = {Научные записки молодых исследователей},
	year = {2017},
	pages = {64--68},
	language = {russian},
}