@book{boll2007,
  author = {Болл, Р. М. and Коннел, Дж. Х. and Панканти, Ш. and Ратха, Н. К. and Сеньор Э. У.},
  title = {Руководство по биометрии},
  address = {Москва},
  publisher = {Техносфера},
  year = {2007},
  numpages = {370},
  language = {russian},
}
@book{MatStat_1960,
	author = {Ван-дер-Варден Б.Л.},
	title = {Математическая статистика},
	address = {Москва},
	publisher = {Изд-во иностранной литературы},
	year = {1960},
	numpages = {435},
	language = {russian},
}
@book{деза2008энциклопедический,
	title={Энциклопедический словарь расстояний},
	author={Деза, Е. И. and Деза, М. М.},
	year={2008},
	numpages = {448},
	address = {Москва},
	publisher = {Наука},
	language = {russian},
}
@article{Shaker,
  author = {Шакер, И. Е.},
  title = {Использование биометрической аутентификации и перспективы ее применения в банковской системе России},
  journal = {Экономика. Налоги. Право.},
  year = {2016},
  number = {5},
  pages = {85--86},
  language = {russian},
}
@article{hosseini2012review,
  title={Review banking on biometric in the world’s banks and introducing a biometric model for Iran’s banking system},
  author={Hosseini, Seyyede Samine and Mohammadi, Shahriar},
  journal={Journal of Basic and Applied Scientific Research},
  volume={2},
  number={9},
  pages={9152--9160},
  language = {english},
  year={2012},
}
@article{темлянцев2015разработка,
  title={Разработка информационной системы для распознавания подписей},
  author={Темлянцев, А. С.},
  journal={Вестник научного общества студентов, аспирантов и молодых ученых},
  number={3},
  pages={209--212},
  year={2015},
  language = {russian},
  publisher = {федеральное государственное бюджетное образовательное учреждение высшего образования Амурский гуманитарно-педагогический государственный университет}
}
@article{liu2009uwave,
  title={uWave: Accelerometer-based personalized gesture recognition and its applications},
  author={Liu, Jiayang and Zhong, Lin and Wickramasuriya, Jehan and Vasudevan, Venu},
  journal={Pervasive and Mobile Computing},
  volume={5},
  number={6},
  pages={657--675},
  year={2009},
  language = {english},
  publisher={Elsevier},
}
@inproceedings{liu2009user,
  title={User evaluation of lightweight user authentication with a single tri-axis accelerometer},
  author={Liu, Jiayang and Zhong, Lin and Wickramasuriya, Jehan and Vasudevan, Venu},
  booktitle={Proceedings of the 11th International Conference on Human-Computer Interaction with Mobile Devices and Services},
  pages={15},
  year={2009},
  language = {english},
  organization={ACM},
}
@inproceedings{michalevsky2014gyrophone,
  title={Gyrophone: Recognizing Speech from Gyroscope Signals.},
  author={Michalevsky, Yan and Boneh, Dan and Nakibly, Gabi},
  booktitle={USENIX Security Symposium},
  pages = {1053--1067},
  language = {english},
  year={2014},
}
@article{platt1998sequential,
  title={Sequential minimal optimization: A fast algorithm for training support vector machines},
  author={Platt, John},
  language = {english},
  year={1998},
}
@inproceedings{wu2009gesture,
  title = {Gesture recognition with a 3-d accelerometer},
  author = {Wu, Jiahui and Pan, Gang and Zhang, Daqing and Qi, Guande and Li, Shijian},
  booktitle = {International Conference on Ubiquitous Intelligence and Computing},
  pages = {25--38},
  year = {2009},
  language = {english},
  organization={Springer},
}
@article{herbst2011quantifying,
  title={Quantifying the Impact of Platform Configuration Space for Elasticity Benchmarking},
  author={Herbst, Nikolas Roman},
  journal={Study thesis, Karlsruhe Institute of Technology},
  language = {english},
  year={2011},
}
@phdthesis{егошин2009анализ,
  title={Анализ и прогнозирование сложных стохастических сигналов на основе методов ведения границ реализаций динамических систем},
  author={Егошин, А. В. and Сидоркина, И. Г.},
  year = {2009},
  language = {russian},
  school = {Автореферат диссертации. канд. техн. наук. Санкт-Петербург},
}
@article{armstrong1999forecasting,
  title={Forecasting for marketing},
  author={Armstrong, J. S. and Brodie, R. J.},
  language = {english},
  journal={Marketing Papers},
  pages={85},
  year={1999},
}
@article{семенов2004математическое,
  title={Математическое моделирование динамики транспортных потоков мегаполиса},
  author={Семенов, В. В.},
  journal={Препринты Института прикладной математики им. М. В. Келдыша РАН},
  number={1},
  pages={34--38},
  year={2004},
  language = {russian},
}
@article{regulation2016regulation,
  title={Regulation (EU) 2016/679 of the European Parliament and of the Council of 27 April 2016 on the protection of natural persons with regard to the processing of personal data and on the free movement of such data, and repealing Directive 95/46},
  author={Regulation, General Data Protection},
  journal={Official Journal of the European Union (OJ)},
  volume={59},
  pages={1--88},
  language = {english},
  year={2016}
}
@article{watson2015fingerprint,
  title={Fingerprint vendor technology evaluation},
  author={Watson, Craig I and Fiumara, Gregory P and Tabassi, Elham and Cheng, Su L and Flanagan, Patricia A and Salamon, Wayne J},
  journal={NIST Interagency/Internal Report (NISTIR)-8034},
  language = {english},
  year={2015},
}
@inproceedings{al2009sparsedtw,
  title={Sparsedtw: A novel approach to speed up dynamic time warping},
  author={Al-Naymat, Ghazi and Chawla, Sanjay and Taheri, Javid},
  booktitle={Proceedings of the Eighth Australasian Data Mining Conference-Volume 101},
  pages={117--127},
  year={2009},
  language = {english},
  organization={Australian Computer Society, Inc.},
}
@article{patel2015cancelable,
	title={Cancelable biometrics: A review},
	author={Patel, Vishal M and Ratha, Nalini K and Chellappa, Rama},
	journal={IEEE Signal Processing Magazine},
	volume={32},
	number={5},
	pages={54--65},
	year={2015},
    language = {english},
	publisher={IEEE},
}
@inproceedings{hadid2014face,
	title={Face biometrics under spoofing attacks: Vulnerabilities, countermeasures, open issues, and research directions},
	author={Hadid, Abdenour},
	booktitle={Proceedings of the IEEE Conference on Computer Vision and Pattern Recognition Workshops},
	pages={113--118},
	language = {english},
	year={2014},
}
@inproceedings{fiebig2014security,
	title={Security Impact of High Resolution Smartphone Cameras.},
	author={Fiebig, Tobias and Krissler, Jan and H{\"a}nsch, Ronny},
	booktitle={WOOT},
	language = {english},
	year={2014},
}
@article{самойлова2016трансформации,
  title={Трансформации бытия современного человека в условиях развития информационных технологий и интернета вещей},
  author={Самойлова, Е. О. and Шаев, Ю. М.},
  journal={Исторические, философские, политические и юридические науки, культурология и искусствоведение. Вопросы теории и практики},
  number={12-3},
  pages={158--161},
  year={2016},
  language = {russian},
  publisher={Общество с ограниченной ответственностью Издательство ''Грамота''}
}
@article{богданов2017обзор,
  title={Обзор уязвимостей биометрических систем аутентификации},
  author={Богданов, Е. А. and Айдинян, А. Р.},
  journal={Роль инноваций в трансформации современной науки},
  pages={25--27},
  language = {russian},
  year={2017}
}
@article{griswoldhandwriting,
  title={Handwriting watcher: A mechanism for smartwatch-driven handwriting authentication},
  author={Griswold-Steiner, Isaac and Matovu, Richard and Serwadda, Abdul},
  booktitle={2017 IEEE International Joint Conference on Biometrics (IJCB)}, 
  pages={216--224},
  year={2017},
  organization={IEEE}
}
@article{blasco2016survey,
  title={A survey of wearable biometric recognition systems},
  author={Blasco, Jorge and Chen, Thomas M and Tapiador, Juan and Peris-Lopez, Pedro},
  journal={ACM Computing Surveys (CSUR)},
  volume={49},
  number={3},
  pages={43},
  year={2016},
  language = {english},
  publisher={ACM},
}

@article{авдеенко2017цифровизация,
  title={Цифровизация экономики на основе совершенствования экспертных систем управления знаниями},
  author={Авдеенко, Т.В. and Алетдинова, А. А.},
  journal={Научно-технические ведомости Санкт-Петербургского государственного политехнического университета},
  volume={10},
  number={1},
  year={2017},
  language = {russian},
  publisher={Федеральное государственное автономное образовательное учреждение высшего образования ''Санкт-Петербургский политехнический университет Петра Великого''},
}

@article{тулупьева2016психологические,
	title={Психологические аспекты оценки безопасности информации в контексте социоинженерных атак},
	author={Тулупьева, Т. В. and Тулупьев, А. Л. and Азаров, А. А.},
	journal={Медико-биологические и социально-психологические проблемы безопасности в чрезвычайных ситуациях},
	number={1},
	pages={77--83},
	language = {russian},
	year={2016},
}
@article{shrestha_wave_access:_2013,
	title = {Wave-to-Access: Protecting Sensitive Mobile Device Services via a Hand Waving Gesture},
	doi = {10.1007/978-3-319-02937-5_11},
	series = {Lecture Notes in Computer Science},
	pages = {199--217},
	journal = {Cryptology and Network Security},
	publisher = {Springer, Cham},
	author = {Shrestha, B. and Saxena, N. and Harrison, J.},
	urldate = {2018-02-25},
	date = {2013-11-20},
	language = {english},
}
@article{das_design_2017,
	title = {Design of Secure and Lightweight Authentication Protocol for Wearable Devices Environment},
	issn = {2168-2208},
	doi = {10.1109/JBHI.2017.2753464},
	journa = {IEEE journal of biomedical and health informatics},
	author = {Das, Ashok Kumar and Wazid, Mohammad and Kumar, Neeraj and Khan, Muhammad Khurram and Choo, Kim-Kwang Raymond and Park, {YoungHo}},
	date = {2017-09-18},
	pmid = {28922132},
	language = {english},
}
@book{_motion_sensor,
	title = {Motion Sensors - Android Developers},
	author = {Google, inc},
	url = {https://developer.android.com/guide/topics/sensors/sensors_motion.html},
	urldate = {2018-03-06},
 	language = {english},
 	year = {2018},
}
@article{punjabi_2017,
	title = {A comparison of artificial neural network and k-nearest neighbor classifiers in the off-line signature verification},
	volume = {8},
	issn = {09765697},
	doi = {10.26483/ijarcs.v8i7.4293},
  	language = {english},
	number = {7},
	journal = {International Journal of Advanced Research in Computer Science},
	author = {Kaur, J. and Dr. Reecha, S.},
	year = {2017},
	pages = {380--383},
}
@article{lozhnikov_2016,
	title = {Экспериментальная оценка надежности верификации подписи сетями квадратичных форм, нечеткими экстракторами и персептронами},
	issn = {1684-8853},
	pages = {73--85},
	number = {5},
	journal = {Информационно-управляющие системы},
	author = {Ложников, П. C. and  Сулавко, А. Е. and Еременко, А. В. and Волков, Д. А.},
	year = {2016},
	language = {russian},
}
@incollection{guerra-casanova_application_2011,
	title = {Application of LCS algorithm to authenticate users within their mobile phone through in-air signatures},
  	language = {english},
	booktitle = {Advanced Biometric Technologies},
	publisher = {InTech},
	author = {Guerra-Casanova, Javier and Sánchez-Ávila, Carmen and Bailador-del Pozo, Gonzalo and de Santos, Alberto},
	year = {2011},
}
@article{gao2017semi,
  title={Semi-supervised sparse representation based classification for face recognition with insufficient labeled samples},
  author={Gao, Yuan and Ma, Jiayi and Yuille, Alan L},
  journal={IEEE Transactions on Image Processing},
  volume={26},
  number={5},
  pages={2545--2560},
  year={2017},
  publisher={IEEE},
  language = {english},
}
@article{ding2008querying,
	title={Querying and mining of time series data: experimental comparison of representations and distance measures},
	author={Ding, Hui and Trajcevski, Goce and Scheuermann, Peter and Wang, Xiaoyue and Keogh, Eamonn},
	journal={Proceedings of the VLDB Endowment},
	volume={1},
	number={2},
	pages={1542--1552},
	year={2008},
	publisher={VLDB Endowment},
	language = {english},
	
}
@article{mueen2018speeding,
	title={Speeding up dynamic time warping distance for sparse time series data},
	author={Mueen, Abdullah and Chavoshi, Nikan and Abu-El-Rub, Noor and Hamooni, Hossein and Minnich, Amanda and MacCarthy, Jonathan},
	journal={Knowledge and Information Systems},
	volume={54},
	number={1},
	pages={237--263},
	year={2018},
	publisher={Springer},
	language = {english},
}
@article{силуянов2012анализ,
	title={Анализ эргономичности интерфейсов управления интеллектуальными зданиями},
	author={Силуянов, Александр Вячеславович and Пономаренко, Илья Николаевич},
	journal={Электротехнические и информационные комплексы и системы},
	language = {russian},
	volume={8},
	number={3},
	year={2012},
	journal={Электротехнические  и информационные комплексы и системы},
}
@article{юркин2016разработка,
	title={Разработка системы контроля и управления доступом {\guillemotleft}Умный замок{\guillemotright}, способной идентифицировать пользователей по объемным моделям лиц, построенных с помощью стереокамеры, а также анализируя мимические движения мышц лица},
	author={Юркин, В. А. and Басов, С. А.},
	language = {russian},
	journal = {Современные проблемы науки и образования},
	pages={324--327},
	year={2016},
}
@article{рясов2015способы,
	title={Способы взлома запирающих устройств и их криминалистическое значение },
	author={Рясов, А. А. and Жигалова, Г. Г.},
	journal={Мир науки, культуры, образования},
	number={4},
	pages={229--231},
	year={2015},
	language = {russian},
	journal={Мир науки, культуры, образования},
}
@article{соколов2017умные,
	title={Умные города, инфраструктуры и их антитеррористическая устойчивость. Опыт интеграции антитеррористических стандартов США и создания программного обеспечения для цифровой безопасности},
	author={Соколов, И. А. and Куприяновский, В. П. and Синягов, С. А. and Андреев, А. И. and Намиот, Д. Е. and Бубнов, П. М. and Добрынин, А. П. and Куприяновский, П. В.},
	journal={International Journal of Open Information Technologies},
	volume={5},
	number={7},
	year={2017},
	language = {russian},
	publisher={Лаборатория Открытых Информационных Технологий факультета ВМК МГУ им. М.В. Ломоносова},
}
@article{czajka2018presentation,
	title={Presentation attack detection for iris recognition: an assessment of the state of the art},
	author={Czajka, A. and Bowyer, K. W.},
	language = {english},
	journal={arXiv preprint arXiv:1804.00194},
	year={2018},
}
@article{goicoechea2018attack,
	title={Attack potential evaluation in desktop and smartphone fingerprint sensors: can they be attacked by anyone?},
	author={Goicoechea-Telleria, I. and Sanchez-Reillo, R. and Liu-Jimenez, J. and Blanco-Gonzalo, R.},
	journal={Wireless communications and mobile computing},
	volume={2018},
	language = {english},
	year={2018},
	publisher={Hindawi},
}
@article{kinnunen2018spoofing,
	title={A spoofing benchmark for the 2018 voice conversion challenge: Leveraging from spoofing countermeasures for speech artifact assessment},
	author={Kinnunen, T. and Lorenzo-Trueba, J. and Yamagishi, J. and Toda, T. and Saito, D. and Villavicencio, F. and Ling, Z.},
	language = {english},
	journal={arXiv preprint arXiv:1804.08438},
	year={2018}
}
@inproceedings{liang2017user,
	title={User-Authentication on Wearable Devices Based on Punch Gesture Biometrics},
	author={Liang, G. and Xu, X. and Yu, J.},
	booktitle={ITM Web of Conferences},
	volume={11},
	language = {english},
	pages={1--9},
	year={2017},
	organization={EDP Sciences},
}
@article{imura2018hand,
	title={A hand gesture-based method for biometric authentication},
	author={Imura, S. and Hosobe, H.},
	year={2018},
	language = {english},
	publisher={Springer},
}
@article{ehatisham2017authentication,
	title={Authentication of smartphone users based on activity recognition and mobile sensing},
	author={Ehatisham-ul-Haq, Muhammad and Azam, Muhammad Awais and Loo, Jonathan and Shuang, Kai and Islam, Syed and Naeem, Usman and Amin, Yasar},
	journal={Sensors},
	volume={17},
	number={9},
	pages={2043},
	language = {english},
	year={2017},
	publisher={Multidisciplinary Digital Publishing Institute},
}
@inproceedings{xu2015finger,
	title={Finger-writing with smartwatch: A case for finger and hand gesture recognition using smartwatch},
	author={Xu, Chao and Pathak, Parth H and Mohapatra, Prasant},
	booktitle={Proceedings of the 16th International Workshop on Mobile Computing Systems and Applications},
	pages={9--14},
	language = {english},
	year={2015},
	organization={ACM},
}
@article{chauhan2014gesture,
	title={Gesture-based continuous authentication for wearable devices: the google glass case},
	author={Chauhan, Jagmohan and Asghar, Hassan Jameel and Kaafar, Mohamed Ali and Mahanti, Anirban},
	language = {english},
	journal={arXiv preprint arXiv:1412.2855},
	pages={1--28},
	year={2014},
}
@article{фомичев2016криптографические,
	title={Криптографические методы защиты информации (в 2-х частях): Учебник},
	author={Фомичев, В.М. and Мельников, Д.А.},
    pages={1--28},
    language = {russian},
    volume={2},
	year={2016}
}
@article{kim2015compression,
	title={Compression of deep convolutional neural networks for fast and low power mobile applications},
	author={Kim, Yong-Deok and Park, Eunhyeok and Yoo, Sungjoo and Choi, Taelim and Yang, Lu and Shin, Dongjun},
	journal={arXiv preprint arXiv:1511.06530},
	language = {english},
	year={2015}
}

@article{алюшин2018оценка,
	title={Оценка психоэмоционального состояния человека по его подписи},
	author={Алюшин, Александр Михайлович},
	journal={Вопросы психологии},
	number={2},
	pages={133--140},
	language = {russian},
	year={2018}
}
@article{tharwat2018recognizing,
	title={Recognizing human activity in mobile crowdsensing environment using optimized k-NN algorithm},
	author={Tharwat, Alaa and Mahdi, Hani and Elhoseny, Mohamed and Hassanien, Aboul Ella},
	journal={Expert Systems With Applications},
	volume={107},
	language = {english},
	pages={32--44},
	year={2018},
	publisher={Elsevier}
}
@article{deshmukh2018human,
	title={Human Activity Recognition using Embedded Smartphone Sensors},
	author={Deshmukh, Ruchita and Aware, Sneha and Picha, Akshay and Agrawal, Abhiyash and Wable, SD},
	language = {english},
	year={2018}
}
@article{maro2018event,
	title={Event-based Gesture Recognition with Dynamic Background Suppression using Smartphone Computational Capabilities},
	author={Maro, Jean-Matthieu and Benosman, Ryad},
	language = {english},
	journal={arXiv preprint arXiv:1811.07802},
	year={2018}
}
@article{albladi2018user,
	title={User characteristics that influence judgment of social engineering attacks in social networks},
	author={Albladi, Samar Muslah and Weir, George RS},
	journal={Human-centric Computing and Information Sciences},
	volume={8},
	number={1},
	pages={5},
	year={2018},
	language = {english},
	publisher={SpringerOpen}
}
@inproceedings{akl2010accelerometer,
	title={Accelerometer-based gesture recognition via dynamic-time warping, affinity propagation, \& compressive sensing},
	author={Akl, Ahmad and Valaee, Shahrokh},
	booktitle={2010 IEEE International Conference on Acoustics, Speech and Signal Processing},
	pages={2270--2273},
	year={2010},
	organization={IEEE}
}


